@book{Belegundu2019,
  author    = {Belegundu, Ashok D. and Chandrupatla, Tirupathi R.},
  title     = {Optimization Concepts and Applications in Engineering},
  edition   = {3},
  publisher = {Cambridge University Press},
  year      = {2019}
}

@misc{chatgpt2025,
  author       = {OpenAI},
  title        = {ChatGPT: Modelo de lenguaje de gran escala de OpenAI},
  year         = {2025},
  url = {https://chat.openai.com},
  note         = {Consultado en julio de 2025}
}

@misc{GeminiAI2025,
  author = {{Google}},
  title  = {Gemini 2.5 Pro: Modelo de lenguaje de gran escala},
  year   = {2025},
  url    = {https://gemini.google.com},
  note   = {Consultado en julio de 2025}
}